<?xml version="1.0" encoding="UTF-8"?><collection xmlns="http://www.loc.gov/MARC21/slim"><record><leader>00522nam--2200193-u-4500</leader><controlfield tag="001">000056350</controlfield><controlfield tag="002">20161230</controlfield><controlfield tag="005">20161230201052</controlfield><controlfield tag="008">150729s1000------------r-----000-0-fre-d</controlfield><datafield ind1=" " ind2=" " tag="040"><subfield code="a">IFIN-HH</subfield></datafield><datafield ind1=" " ind2=" " tag="041"><subfield code="a">fre</subfield></datafield><datafield ind1="1" ind2=" " tag="100"><subfield code="a">Landau, L</subfield></datafield><datafield ind1="1" ind2="0" tag="245"><subfield code="a">Physique theorique. physique statistique</subfield><subfield code="c">L. landau, e. lifchitz</subfield></datafield><datafield ind1=" " ind2=" " tag="260"><subfield code="a">Moscou</subfield><subfield code="b">Mir</subfield><subfield code="c">1967</subfield></datafield><datafield ind1=" " ind2=" " tag="300"><subfield code="a">583P</subfield></datafield><datafield ind1=" " ind2=" " tag="500"><subfield code="a">Titlul Original In Limba Rusa: Statisticeskaia Fizika</subfield></datafield><datafield ind1="1" ind2=" " tag="700"><subfield code="a">Lifchitz, E</subfield></datafield><datafield ind1=" " ind2=" " tag="852"><subfield code="a">72965</subfield><subfield code="c">530.161</subfield></datafield><datafield ind1=" " ind2=" " tag="CAT"><subfield code="a">Sys</subfield><subfield code="c">20150729</subfield><subfield code="h">153910</subfield></datafield></record></collection>